@INCOLLECTION{grigorik:chrome,
	AUTHOR = "Ilya Grigorik",
	TITLE = "High Performance Networking in Chrome",
	EDITOR = "Tavish Armstrong"	,
	BOOKTITLE = "The Performance of Open Source Applications",
	YEAR = 2013,
	CHAPTER = 1
	}

@misc{spdy,
  title = {SPDY: An experimental protocol for a faster web},
  howpublished = {\url{https://www.chromium.org/spdy/spdy-whitepaper}},
  note = {Accessed: 2016-05-03}
}

@misc{quic:announcement,
  title = {Experimenting with QUIC},
  howpublished = {\url{http://blog.chromium.org/2013/06/experimenting-with-quic.html}},
  note = {Accessed: 2016-05-03}
}

@misc{quic:presentation,
  title = {QUIC: Redefining Internet Transport},
  howpublished = {\url{https://docs.google.com/presentation/d/15e1bLKYeN56GL1oTJSF9OZiUsI-rcxisLo9dEyDkWQs/edit#slide=id.g99041b54d_0_0}},
  note = {Accessed: 2016-05-03}
}

@misc{dpdk:home,
  title = {DPDK Home Page},
  howpublished = {\url{http://dpdk.org/}},
  note = {Accessed: 2016-05-03}
}

@misc{pfsense:roadmap,
  title = {Further (a roadmap for pfSense)},
  howpublished = {\url{https://blog.pfsense.org/?p=1588}},
  note = {Accessed: 2016-05-03}
}

@techreport{quic:draft,
   AUTHOR = "Ryan Hamilton and Janardhan Iyengar and Ian Swett and Alyssa Wilk",
   TITLE = "{QUIC: A UDP-Based Secure and Reliable Transport for HTTP/2}",
   HOWPUBLISHED = {Internet-Draft},
   TYPE="{Internet-Draft}",
   PAGES = {5-8},
   YEAR = {2016},
   MONTH = {January},
   PUBLISHER = "{IETF}",
   INSTITUTION = "{IETF}",
   URL={https://tools.ietf.org/html/draft-tsvwg-quic-protocol-02}
}

@misc{quic:crypto,
  author = "Adam Langley and Wan-Teh Chang",
  title = {QUIC: Crypto},
  howpublished = {\url{https://docs.google.com/document/d/1g5nIXAIkN_Y-7XJW5K45IblHd_L2f5LTaDUDwvZ5L6g/edit}},
  note = {Accessed: 2016-05-03}
}

@manual{dpdk:programmerguide,
	title = {DPDK Programmerâ€™s Guide},
	date = {November 16, 2011},
	version = {Version 16.04.0},
	organization = {dpdk.org}
}

@misc{dpdk:presentation,
  title = {Intel Data Plane Development Kit (Intel DPDK) Overview Packet Processing on Intel Architecture},
  howpublished = {\url{http://www.intel.com/content/dam/www/public/us/en/documents/presentation/dpdk-packet-processing-ia-overview-presentation.pdf}},
  note = {Accessed: 2016-05-03}
}

@misc{dpdkans:readme,
  title = {TCP/IP stack for dpdk},
  howpublished = {\url{https://github.com/opendp/dpdk-ans}},
  note = {Accessed: 2016-05-03}
}